@manual{Abb,
  author = {TU Dortmund},
  title = {Versuch zum Literaturverzeichnis},
  year = 2016
}
